@online{Nordström,
    author = {Nordström, Stefan},
    title = {Vad är en alt-tagg? Varför är bilders alt-taggar viktiga för din SEO?},
    url = {https://www.stefan-nordstrom.com/seo/alt-tag/},
    urldate = {2023-09-20},
}

@online{Digg_2021,
    author = {Digg},
    title = {De sex vanligaste bristerna när Digg granskar webbplatser},
    url = {https://www.digg.se/om-oss/nyheter/nyheter/2021-09-23-de-sex-vanligaste-bristerna-nar-digg-granskar-webbplatser},
    date = {2021-09-23},
}

@online{ARIA,
    author = {Digg},
    title = {Introduktion till WAI-ARIA},
    date = {2023-10-04},
    url = {https://webbriktlinjer.se/aria/},
}

@online{WAI,
    author = {W3C},
    title = {About W3C WAI},
    date = {2023-8-01},
    year = {2023},
    url = {https://www.w3.org/WAI/about/},
}

@online{Digg_2023,
    author = {Digg},
    title = {Åtaganden - vilka är kraven?},
    url = {https://www.digg.se/kunskap-och-stod/digital-tillganglighet/rattslig-vagledning/7.-ataganden---vilka-ar-kraven},
    urldate = {2023-05-22},
}

@online{WCAG,
    author = {W3C},
    title = {Web Content Accessibility GuideLines},
    url = {https://www.w3.org/TR/WCAG21/#abstract},
    urldate = {2023-09-25},
}

@online{W3C,
    author = {W3C},
    title = {About us},
    url = {https://www.w3.org/about/},
    urldate = {2023-09-20},
}

@book{Krug,
    author={Steve Krug},
    title={Don't Make Me Think, Revisited},
    publisher={New Riders Publishing},
    year={2014},
    edition={3rd edition},
    ISBN={0321965515},
    keywords={Web Usability},
}

@online{Digg,
    author = {Digg},
    title = {Följ standarder för tillgänglighet},
    url = {https://webbriktlinjer.se/lagkrav/folj-standarder-tillganglighet/},
    urldate = {2023-10-18},
}

@online{AChecker,
    author = {W3C},
    title = {Web Accessibility Evaluation Tools List},
    date = {2016},
    url = {https://www.w3.org/WAI/ER/tools/},
}

@online{WAVE,
    author = {webAIM},
    title = {About WAVE},
    date = {2023-11-22},
    url = {https://wave.webaim.org/about},
}

@online{Digg_Dos,
    author = {Digg},
    title = {Lagen om tillgänglighet till digital offentlig service (DOS-lagen)},
    date = {2023-10-20},
    url = {https://www.digg.se/analys-och-uppfoljning/lagen-om-tillganglighet-till-digital-offentlig-service-dos-lagen},
}

@online{history_WWW,
    author = {History.com Editors},
    title = {Word Wide Web launches in the public domain},
    date = {2020-03-30},
    url = {https://www.history.com/this-day-in-history/world-wide-web-launches-in-public-domain},
}

@online{SCB,
    author = {SCB},
    title = {Internetanvändningen ökar bland äldre i Sverige},
    date = {2022-11-18},
    url = {https://www.scb.se/hitta-statistik/statistik-efter-amne/levnadsforhallanden/levnadsforhallanden/befolkningens-it-anvandning/pong/statistiknyhet/befolkningens-it-anvandning-2022/},
}

@online{Digg_tillganglighet,
    author = {Digg},
    title = {Digital tillgänglighet},
    date = {2023-10-14},
    url = {https://www.digg.se/kunskap-och-stod/digital-tillganglighet},
}

@online{7minds,
    author = {Jennifer Shen},
    title = {Slipp det vanligaste problemen med WAI-ARIA},
    date = {2019-11-13},
    url = {https://7minds.se/tillganglighet/slipp-de-vanligaste-problemen-med-wai-aria/},
}

@online{Jakob_Nielsen,
    author = {Wikipedia},
    title = {Jakob Nielsen (datalog)},
    date = {2024-02-21},
    url = {https://sv.wikipedia.org/wiki/Jakob_Nielsen_(datalog)},
}

@online{Krug_Wikipedia,
    author = {Wikipedia},
    title = {Steve Krug},
    date = {2024-02-21},
    url = {https://en.wikipedia.org/wiki/Steve_Krug},
}